<record><leader>00000cas a22000007a 4500</leader><controlfield tag="001">2638784</controlfield><controlfield tag="008">761221d18231824aluwr ne      0    0eng  </controlfield><datafield ind1=" " ind2=" " tag="010"><subfield code="a">sn 86072237 </subfield><subfield code="z">   76640528 </subfield></datafield><datafield ind1=" " ind2=" " tag="040"><subfield code="a">DLC</subfield><subfield code="b">eng</subfield><subfield code="c">DLC</subfield><subfield code="d">MGN</subfield><subfield code="d">IUL</subfield><subfield code="d">OCL</subfield><subfield code="d">OCLCG</subfield><subfield code="d">CRL</subfield><subfield code="d">OCLCQ</subfield><subfield code="d">OCLCF</subfield></datafield><datafield ind1="1" ind2=" " tag="029"><subfield code="a">AU@</subfield><subfield code="b">000020128246</subfield></datafield><datafield ind1=" " ind2=" " tag="042"><subfield code="a">msc</subfield></datafield><datafield ind1=" " ind2=" " tag="043"><subfield code="a">n-us-al</subfield></datafield><datafield ind1="0" ind2="0" tag="050"><subfield code="a">Newspaper 7009</subfield></datafield><datafield ind1="0" ind2=" " tag="130"><subfield code="a">Halcyon (Greensboro, Ala.)</subfield></datafield><datafield ind1="1" ind2="4" tag="245"><subfield code="a">The halcyon.</subfield></datafield><datafield ind1=" " ind2=" " tag="260"><subfield code="a">Greensborough [i.e. Greensboro] Ala. :</subfield><subfield code="b">T. Eastin,</subfield><subfield code="c">1823-</subfield></datafield><datafield ind1=" " ind2=" " tag="300"><subfield code="a">v. ;</subfield><subfield code="c">49 cm.</subfield></datafield><datafield ind1=" " ind2=" " tag="310"><subfield code="a">Weekly</subfield></datafield><datafield ind1="0" ind2=" " tag="362"><subfield code="a">Vol. 1, no. 1 (Apr. 24, 1823)-</subfield></datafield><datafield ind1="1" ind2=" " tag="362"><subfield code="a">Ceased in 1824.</subfield><subfield code="z">Cf. NIM, 1948-1983.</subfield></datafield><datafield ind1=" " ind2=" " tag="530"><subfield code="a">Also issued on microfilm by the University of Alabama.</subfield></datafield><datafield ind1=" " ind2=" " tag="588"><subfield code="a">Description based on: Vol. 1, no. 1 (Apr. 24, 1823).</subfield></datafield><datafield ind1=" " ind2=" " tag="588"><subfield code="a">Latest issue consulted: Vol. 1, no. 40 (Feb. 21, 1824).</subfield></datafield><datafield ind1=" " ind2="0" tag="651"><subfield code="a">Greensboro (Ala.)</subfield><subfield code="v">Newspapers.</subfield></datafield><datafield ind1=" " ind2="0" tag="651"><subfield code="a">Hale County (Ala.)</subfield><subfield code="v">Newspapers.</subfield></datafield><datafield ind1=" " ind2="7" tag="655"><subfield code="a">Newspapers.</subfield><subfield code="2">fast</subfield><subfield code="0">(OCoLC)fst01423814</subfield></datafield><datafield ind1=" " ind2="7" tag="651"><subfield code="a">Alabama</subfield><subfield code="z">Greensboro.</subfield><subfield code="2">fast</subfield><subfield code="0">(OCoLC)fst01215053</subfield></datafield><datafield ind1=" " ind2="7" tag="651"><subfield code="a">Alabama</subfield><subfield code="z">Hale County.</subfield><subfield code="2">fast</subfield><subfield code="0">(OCoLC)fst01211962</subfield></datafield><datafield ind1="1" ind2=" " tag="700"><subfield code="a">Eastin, Thomas,</subfield><subfield code="d">1790-1865.</subfield></datafield><datafield ind1=" " ind2=" " tag="752"><subfield code="a">United States</subfield><subfield code="b">Alabama</subfield><subfield code="c">Hale</subfield><subfield code="d">Greensboro.</subfield></datafield><datafield ind1=" " ind2=" " tag="752"><subfield code="a">United States</subfield><subfield code="b">Alabama</subfield><subfield code="c">Hale</subfield><subfield code="d">Greensborough.</subfield></datafield><datafield ind1="0" ind2="0" tag="780"><subfield code="t">Halcyon and Tombeckbe public advertiser</subfield><subfield code="w">(DLC)sn 85025925</subfield><subfield code="w">(OCoLC)2704185</subfield></datafield></record>